<record><leader>00000cas a22000007a 4500</leader><controlfield tag="001">22142982</controlfield><controlfield tag="008">900725d18731874inuwr ne      0    0eng d</controlfield><controlfield tag="009">5452</controlfield><datafield ind1=" " ind2=" " tag="010"><subfield code="a">sn 90099349 </subfield></datafield><datafield ind1=" " ind2=" " tag="040"><subfield code="a">NPI</subfield><subfield code="b">eng</subfield><subfield code="c">NPI</subfield><subfield code="d">OCLCQ</subfield></datafield><datafield ind1=" " ind2=" " tag="042"><subfield code="a">msc</subfield></datafield><datafield ind1="0" ind2="4" tag="245"><subfield code="a">The Weekly archives.</subfield></datafield><datafield ind1=" " ind2=" " tag="260"><subfield code="a">Bowling-Green, Ind. :</subfield><subfield code="b">William Travis,</subfield><subfield code="c">1873-</subfield></datafield><datafield ind1=" " ind2=" " tag="300"><subfield code="a">v.</subfield></datafield><datafield ind1=" " ind2=" " tag="310"><subfield code="a">Weekly</subfield></datafield><datafield ind1="0" ind2=" " tag="362"><subfield code="a">Vol. 4, no. 1 (July 31, 1873)-</subfield></datafield><datafield ind1="1" ind2=" " tag="362"><subfield code="a">Ceased in 1874.</subfield></datafield><datafield ind1=" " ind2=" " tag="752"><subfield code="a">United States</subfield><subfield code="b">Indiana</subfield><subfield code="c">Clay</subfield><subfield code="d">Bowling Green.</subfield></datafield><datafield ind1="0" ind2="0" tag="780"><subfield code="t">Democratic archives</subfield><subfield code="w">(DLC)sn 84027282</subfield></datafield><datafield ind1="0" ind2="0" tag="785"><subfield code="t">Clay County weekly herald</subfield><subfield code="w">(DLC)sn 84023876</subfield></datafield></record>